<record><leader>00000cas a2200000Ma 4500</leader><controlfield tag="001">10728672</controlfield><controlfield tag="008">840514d18721900nhuwr ne      0    0eng d</controlfield><datafield ind1=" " ind2=" " tag="010"><subfield code="a">sn 84023057 </subfield></datafield><datafield ind1=" " ind2=" " tag="040"><subfield code="a">AQM</subfield><subfield code="b">eng</subfield><subfield code="c">AQM</subfield><subfield code="d">OCLCQ</subfield></datafield><datafield ind1="0" ind2="0" tag="245"><subfield code="a">Foster's Democrat.</subfield></datafield><datafield ind1=" " ind2=" " tag="260"><subfield code="a">Dover, N.H. :</subfield><subfield code="b">George J. Foster &amp; Co.</subfield></datafield><datafield ind1=" " ind2=" " tag="300"><subfield code="a">v.</subfield></datafield><datafield ind1=" " ind2=" " tag="310"><subfield code="a">Weekly</subfield></datafield><datafield ind1="1" ind2=" " tag="362"><subfield code="a">Began in Jan. 1872.</subfield><subfield code="z">Cf. Hurd, d. H. Hist. of Rockingham and Strafford Counties, 1882.</subfield></datafield><datafield ind1="1" ind2=" " tag="362"><subfield code="a">Ceased with Feb. 13, 1900 issue.</subfield><subfield code="z">Cf. Amer. newspapers, 1821-1936.</subfield></datafield><datafield ind1=" " ind2=" " tag="500"><subfield code="a">"Democratic."</subfield></datafield><datafield ind1=" " ind2=" " tag="588"><subfield code="a">Description based on: Vol. 2, no. 6 (Feb. 22, 1873).</subfield></datafield><datafield ind1=" " ind2="7" tag="655"><subfield code="a">Newspapers.</subfield><subfield code="2">rbgenr</subfield></datafield><datafield ind1="1" ind2=" " tag="700"><subfield code="a">Foster, George J.</subfield></datafield><datafield ind1=" " ind2=" " tag="752"><subfield code="a">United States</subfield><subfield code="b">New Hampshire</subfield><subfield code="c">Strafford</subfield><subfield code="d">Dover.</subfield></datafield><datafield ind1="0" ind2=" " tag="775"><subfield code="t">Foster's daily Democrat</subfield><subfield code="w">(DLC)sn 84023058</subfield></datafield><datafield ind1="0" ind2="0" tag="780"><subfield code="t">Public forum</subfield><subfield code="w">(DLC)sn 84023849</subfield></datafield></record>